@article{briggs:1991,
 author = {Keith Briggs},
 journal = {Mathematics of Computation},
 number = {195},
 pages = {435--439},
 publisher = {American Mathematical Society},
 title = {A Precise Calculation of the Feigenbaum Constants},
 volume = {57},
 year = {1991}
}

@article{libchaber:1982,
author = {Libchaber et. al.},
year = {1982},
title = {Period doubling cascade in mercury, a quantitative measurement},
volume = {43},
journal = {Journal de Physique Lettres}
}

@article{doona:1994,
author = {Doona et. al.},
year = {1994},
title = {Period-doubling route to chaos in the chlorite-thiocyanate chemical oscillator},
volume = {98},
pages = {513--517},
journal = {The Journal of Physical Chemistry}
}

@article{tarroja:1991,
title = {Period-doubling route to chaos in a standing-wave laser: A comparison between theory and experiment},
journal = {Optics Communications},
volume = {84},
number = {3},
pages = {162-168},
year = {1991},
author = {Tarroja et. al.},
}